<?xml version="1.0" encoding="UTF-8"?><collection xmlns="http://www.loc.gov/MARC21/slim"><record><leader>00400nam--2200133-i-4500</leader><controlfield tag="001">000024373</controlfield><controlfield tag="002">20161230</controlfield><controlfield tag="005">20161230201035</controlfield><controlfield tag="008">060222s1000------------r-----000-0-eng-d</controlfield><datafield ind1=" " ind2=" " tag="100"><subfield code="a">Meschkowski, Herbert</subfield></datafield><datafield ind1=" " ind2=" " tag="245"><subfield code="a">B.i. hochschultaschenbucher. band 75/75a: einfuhrung in die moderne mathematik</subfield></datafield><datafield ind1=" " ind2=" " tag="260"><subfield code="a">Mannheim, Bibliographisches Institut, 1964</subfield></datafield><datafield ind1=" " ind2=" " tag="852"><subfield code="a">75371</subfield></datafield><datafield ind1=" " ind2=" " tag="CAT"><subfield code="a">Sys</subfield><subfield code="c">20080421</subfield><subfield code="h">140358</subfield></datafield></record></collection>